\begin{bibliography}{7}


@misc{socketsc,
	author= "Documentação sobre sockets em C",
	title= "Site utilizado para pesquisa",
	howpublished = "\url{http://man7.org/linux/man-pages/man2/socket.2.html}",
	note = "[Online; acedido em Abirl 2019]"
}

@misc{csvpython,
	author= "Documentação sobre cvs em python 3",
	title= "Site utilizado para pesquisa",
	howpublished = "\url{https://docs.python.org/3/library/csv.html}",
	note = "[Online; acedido em Abirl 2019]"
}

@misc{socketspython,
	author= "Documentação sobre sockets em python 3",
	title= "Site utilizado para pesquisa",
	howpublished = "\url{https://docs.python.org/3/library/socket.html}",
	note = "[Online; acedido em Abirl 2019]"
}


@misc{pycripto,
	author= "Documentação sobre pycripto em python 3",
	title= "Site utilizado para pesquisa",
	howpublished = "\url{https://www.dlitz.net/software/pycrypto/api/current/}",
	note = "[Online; acedido em Abirl 2019]"
}

@misc{jsonpython,
	author= "Documentação sobre JSON em python 3",
	title= "Site utilizado para pesquisa",
	howpublished = "\url{https://docs.python.org/2/library/json.html}",
	note = "[Online; acedido em Abirl 2019]"
}
@misc{timepython,
	author= "Documentação sobre time em python 3",
	title= "Site utilizado para pesquisa",
	howpublished = "\url{https://docs.python.org/3/library/time.html}",
	note = "[Online; acedido em Abirl 2019]"
}

@misc{stackoverflow,
	author= "Stack Overflow",
	title= "Site utilizado para pesquisa",
	howpublished = "\url{https://stackoverflow.com}",
	note = "[Online; acedido em Abirl 2019]"
}


\end{bibliography}

